%% Saved with string encoding Unicode (UTF-8) 

@inproceedings{krishnan2010dns,
	title={{DNS Prefetching and Its Privacy Implications: When Good Things Go Bad}},
	author={Krishnan, Srinivas and Monrose, Fabian},
	booktitle={USENIX Conference on Large-scale Exploits and Emergent Threats: Botnets, Spyware, Worms, and more},
	year={2010},
	organization={USENIX Association},
}


@inproceedings{recon16,
	author = {Ren, Jingjing and Rao, Ashwin and Lindorfer, Martina and Legout, Arnaud and Choffnes, David},
	title = {{ReCon: Revealing and Controlling PII Leaks in Mobile Network Traffic}},
	booktitle = {International Conference on Mobile Systems, Applications, and Services},
	series = {MobiSys '16},
	year = {2016},
	isbn = {978-1-4503-4269-8},
	location = {Singapore, Singapore},
	url = {http://doi.acm.org/10.1145/2906388.2906392},
	doi = {10.1145/2906388.2906392},
	acmid = {2906392},
	publisher = {ACM},
	address = {New York, NY, USA},
} 

@inproceedings{acar2014web,
	title={The Web Never Forgets: Persistent Tracking Mechanisms in the Wild},
	author={Acar, Gunes and Eubank, Christian and Englehardt, Steven and Juarez, Marc and Narayanan, Arvind and Diaz, Claudia},
	booktitle={Conference on Computer and Communications Security (CCS)},
	year={2014},
	organization={ACM}
}


@inproceedings{chung2016measuring,
	Author = {Chung, Taejoong and Liu, Yabing and Choffnes, David and Levin, Dave and Maggs, Bruce MacDowell and Mislove, Alan and Wilson, Christo},
	Booktitle = {ACM Internet Measurement Conference},
	Organization = {ACM},
	Title = {{Measuring and Applying Invalid SSL Certificates: The Silent Majority}},
	Year = {2016}
}

@article{martin2017study,
	Author = {Martin, Jeremy and Mayberry, Travis and Donahue, Collin and Foppe, Lucas and Brown, Lamont and Riggins, Chadwick and Rye, Erik C and Brown, Dane},
	Journal = {arXiv:1703.02874},
	Title = {{A Study of MAC Address Randomization in Mobile Devices and When it Fails}},
	Year = {2017}}

@misc{ios1021,
	Author = {{Apple}},
	Title = {About the security content of iOS 10.2.1},
	Howpublished = {https://support.apple.com/en-au/HT207482},
	Year = {Acc. March 28, 2017},
}

@misc{scapy,
	Author = {{Scapy}},
	Howpublished = {\url{http://www.secdev.org/projects/scapy}},
	Year = {Acc. Aug 13 2017}}

@misc{scapytls,
	Author = {{Scapy SSL TLS}},
	Howpublished = {\url{https://github.com/tintinweb/scapy-ssl_tls}},
	Year = {Acc. Aug 15 2017}}

@misc{OpenVpn,
	Author = {{OpenVPN}},
	Howpublished = {\url{https://openvpn.net/index.php/open-source/documentation/security-overview.html}},
	Title = {{OpenVPN cryptographic layer}},
	Year = {Acc. Jan 18 2017}}

@misc{AcmArtifacts,
	Author = {{ACM}},
	Howpublished = {\url{https://www.acm.org/publications/policies/artifact-review-badging}},
	Title = {{Result and Artifact Review and Badging}},
	Year = {Acc. Jan 18 2017}}

@misc{IosSecurityGuide,
	Author = {{Apple Inc}},
	Howpublished = {\url{https://www.apple.com/business/docs/iOS_Security_Guide.pdf}},
	Title = {{iOS Security}},
	Year = {Acc. Jan 12 2017}}

@misc{effqi,
	Author = {{NSA}},
	Howpublished = {\url{https://www.eff.org/files/2014/01/02/20131230-spiegel-tao_quantum_tasking.pdf}},
	Title = {{Quantum Insert}},
	Year = {Acc. Jan 12 2017}}

@misc{RivestSDSI,
	Author = {Rivest, Ronald L. and Lampson, Butler},
	Howpublished = {\url{http://groups.csail.mit.edu/cis/sdsi.html}},
	Title = {{A Simple Distributed Security Infrastructure (SDSI)}},
	Year = {Acc. Jan 25 2017}}

@misc{OwaspCCA,
	Author = {{OWASP Foundation}},
	Howpublished = {\url{https://www.owasp.org/index.php/Authentication_Cheat_Sheet#Consider_Strong_Transaction_Authentication}},
	Title = {{Authentication Cheat Sheet}},
	Year = {Acc. Dec 20 2016}}

@techreport{Aura00privacyand,
	Author = {Aura, Tuomas and Ellison, Carl},
	Date-Modified = {2016-10-13 17:48:26 +0000},
	Institution = {Helsinki University of Technology},
	Title = {{Privacy and Accountability In Certificate Systems}},
	Year = {2000}}

@article{partridge2016ethical,
	Author = {Partridge, Craig and Allman, Mark},
	Bibdate = {Wed Sep 28 06:26:12 MDT 2016},
	Bibsource = {http://www.acm.org/pubs/contents/journals/cacm/; http://www.math.utah.edu/pub/tex/bib/cacm2010.bib},
	Coden = {CACMA2},
	Doi = {http://dx.doi.org/10.1145/2896816},
	Doi-Url = {http://dx.doi.org/10.1145/2896816},
	Fjournal = {Communications of the ACM},
	Issn = {0001-0782 (print), 1557-7317 (electronic)},
	Issn-L = {0001-0782},
	Journal = {Communications of the ACM},
	Journal-Url = {http://portal.acm.org/browse_dl.cfm?idx=J79},
	Title = {Ethical considerations in network measurement papers},
	Url = {http://cacm.acm.org/magazines/2016/10/207765/fulltext},
	Year = {2016},
	Bdsk-Url-1 = {http://cacm.acm.org/magazines/2016/10/207765/fulltext},
	Bdsk-Url-2 = {http://dx.doi.org/10.1145/2896816}}

@inproceedings{parsovs14clientauth,
	Author = {Parsovs, Arnis},
	Booktitle = {{Network and Distributed System Security Symposium (NDSS)}},
	Publisher = {The Internet Society},
	Title = {{Practical Issues with {TLS} Client Certificate Authentication}},
	Year = {2014},
	Bdsk-Url-1 = {http://www.internetsociety.org/doc/practical-issues-tls-client-certificate-authentication}}


@misc{TLSencRay,
	Author = {Ray, M.},
	Howpublished = {\url{https://tools.ietf.org/html/draft-ray-tls-encrypted-handshake-00}},
	Title = {{Transport Layer Security (TLS) Encrypted Handshake Extension}},
	Year = {2016}}

@misc{TLSencLangley,
	Author = {Langley, A.},
	Howpublished = {\url{https://tools.ietf.org/html/draft-agl-tls-encryptedclientcerts-00}},
	Title = {{Transport Layer Security (TLS) Encrypted Client Certificates}},
	Year = {2016}}

@inproceedings{vanhoef2016mac,
	Author = {Vanhoef, Mathy and Matte, C{\'e}lestin and others},
	Booktitle = {{Asia Conference on Computer and Communications Security (ASIACCS)}},
	Organization = {ACM},
	Title = {{Why MAC Address Randomization is not Enough: An Analysis of Wi-Fi Network Discovery Mechanisms}},
	Year = {2016}}

@misc{2016cook,
	Author = {Gibbs, Nancy},
	Howpublished = {\url{http://time.com/4261796/tim-cook-transcript/}},
	Title = {{Tim Cook Interview in Time Magazine}},
	Year = {Acc. Oct 7 2016}}

@misc{apple1bn,
	Author = {Statt, Nick},
	Date-Modified = {2016-10-08 12:17:08 +0000},
	Howpublished = {\url{http://www.theverge.com/2016/1/26/10835748/apple-devices-active-1-billion-iphone-ipad-ios}},
	Title = {{1 Billion Apple Devices are in Active Use around the World}},
	Year = {Acc. Oct 7, 2016}}

@misc{ietf-tls-rfc5246-bis-16,
	Abstract = {This document specifies Version 1.3 of the Transport Layer Security (TLS) protocol. The TLS protocol provides communications security over the Internet. The protocol allows client/server applications to communicate in a way that is designed to prevent eavesdropping, tampering, or message forgery.},
	Author = {Dierks, Tim and Rescorla, Eric},
	Howpublished = {Internet draft, work in progress, \url{https://tools.ietf.org/html/draft-ietf-tls-rfc5246-bis-00}},
	Institution = {IETF},
	Publisher = {IETF},
	Title = {{The Transport Layer Security (TLS) Protocol Version 1.3}},
	Type = {Internet-Draft},
	Url = {https://tools.ietf.org/html/draft-ietf-tls-rfc5246-bis-00},
	Year = 2014,
	Bdsk-Url-1 = {https://tools.ietf.org/html/draft-ietf-tls-tls13-16}
	}

@misc{2016appleapns,
	Author = {{Apple Developer Documentation}},
	Howpublished = {\url{https://developer.apple.com/go/?id=push-notifications}},
	Title = {{Apple Push Notification Service}},
	Year = {Acc. Oct 7 2016}}

@misc{2016appleapnstrouble,
	Author = {{Apple Inc.}},
	Howpublished = {\url{https://developer.apple.com/library/content/technotes/tn2265/_index.html}},
	Title = {{TN2265 - Troubleshooting Push Notifications}},
	Year = {Acc. Oct 7 2016}}

@inproceedings{nomikos2016traixroute,
	Author = {Nomikos, George and Dimitropoulos, Xenofontas},
	Booktitle = {Passive and Active Measurement - 17th International Conference, {PAM}},
	Organization = {Springer},
	Title = {{traIXroute: Detecting IXPs in Traceroute Paths}},
	Year = {2016}}


@misc{caidapfx2as,
	Author = {{Center for Applied Internet Data Analysis}},
	Howpublished = {\url{ http://www.caida.org/data/routing/routeviews-prefix2as.xml}},
	Title = {{Routeviews Prefix to AS mappings Dataset}},
	Year = {Acc. Sep. 28, 2016}}

@inproceedings{reproduc2017,
	title = {{Towards an Ecosystem for Reproducible Research in Computer Networking}},
	author = {Scheitle, Quirin and WÃ¤hlisch, Matthias and Gasser, Oliver and Schmidt, Thomas C. and Carle, Georg},
	booktitle = {ACM SIGCOMM 2017 Reproducibility Workshop}
}
